<record><leader>00000cas a22000007a 4500</leader><controlfield tag="001">21465613</controlfield><controlfield tag="008">900501d19821982mnuwr ne      0    0eng d</controlfield><datafield ind1=" " ind2=" " tag="010"><subfield code="a">sn 89081044 </subfield></datafield><datafield ind1=" " ind2=" " tag="040"><subfield code="a">MN#</subfield><subfield code="b">eng</subfield><subfield code="c">MN#</subfield><subfield code="d">OCLCQ</subfield><subfield code="d">OCLCF</subfield><subfield code="d">OCLCO</subfield></datafield><datafield ind1="1" ind2=" " tag="029"><subfield code="a">AU@</subfield><subfield code="b">000025886069</subfield></datafield><datafield ind1=" " ind2=" " tag="042"><subfield code="a">msc</subfield></datafield><datafield ind1=" " ind2=" " tag="043"><subfield code="a">n-us-mn</subfield></datafield><datafield ind1=" " ind2=" " tag="052"><subfield code="a">4144</subfield><subfield code="b">A57</subfield></datafield><datafield ind1=" " ind2=" " tag="052"><subfield code="a">4143</subfield><subfield code="b">B6</subfield></datafield><datafield ind1="0" ind2="0" tag="245"><subfield code="a">Amboy country times.</subfield></datafield><datafield ind1="1" ind2="3" tag="246"><subfield code="a">Country times</subfield></datafield><datafield ind1=" " ind2=" " tag="260"><subfield code="a">Amboy, Blue Earth County, Minn. :</subfield><subfield code="b">Spencer-Davis Pub.,</subfield><subfield code="c">1982.</subfield></datafield><datafield ind1=" " ind2=" " tag="300"><subfield code="a">v.</subfield></datafield><datafield ind1=" " ind2=" " tag="310"><subfield code="a">Weekly</subfield></datafield><datafield ind1="0" ind2=" " tag="362"><subfield code="a">Vol. 92, no. 26 (July 1, 1982).</subfield></datafield><datafield ind1=" " ind2=" " tag="530"><subfield code="a">Available on microfilm from the Minnesota Historical Society.</subfield></datafield><datafield ind1=" " ind2="0" tag="651"><subfield code="a">Amboy (Minn.)</subfield><subfield code="v">Newspapers.</subfield></datafield><datafield ind1=" " ind2="7" tag="655"><subfield code="a">Newspapers.</subfield><subfield code="2">fast</subfield><subfield code="0">(OCoLC)fst01423814</subfield></datafield><datafield ind1=" " ind2="7" tag="651"><subfield code="a">Minnesota</subfield><subfield code="z">Amboy.</subfield><subfield code="2">fast</subfield><subfield code="0">(OCoLC)fst01255491</subfield></datafield><datafield ind1=" " ind2=" " tag="752"><subfield code="a">United States</subfield><subfield code="b">Minnesota</subfield><subfield code="c">Blue Earth</subfield><subfield code="d">Amboy.</subfield></datafield><datafield ind1="0" ind2="4" tag="780"><subfield code="t">Herald (Amboy, Minn.)</subfield><subfield code="w">(DLC)sn 81003391</subfield></datafield><datafield ind1="0" ind2="4" tag="780"><subfield code="t">Vernon Center news</subfield><subfield code="w">(DLC)sn 89081060</subfield></datafield><datafield ind1="0" ind2="0" tag="785"><subfield code="t">Country times (Amboy, Minn.)</subfield><subfield code="w">(DLC)sn 82005164</subfield></datafield></record>